<?xml version="1.0" encoding="UTF-8"?><collection xmlns="http://www.loc.gov/MARC21/slim"><record><leader>00326nam--2200133-i-4500</leader><controlfield tag="001">000007887</controlfield><controlfield tag="002">20161230</controlfield><controlfield tag="005">20161230201027</controlfield><controlfield tag="008">060222s1000------------r-----000-0-eng-d</controlfield><datafield ind1=" " ind2=" " tag="080"><subfield code="a">681.143.2</subfield></datafield><datafield ind1=" " ind2=" " tag="100"><subfield code="a">Bancila, Florin I</subfield></datafield><datafield ind1=" " ind2=" " tag="245"><subfield code="a">Rigla de calcul. editia a iv</subfield></datafield><datafield ind1=" " ind2=" " tag="260"><subfield code="a">Bucuresti, Ed.Tehnica, 1966. 63 P</subfield></datafield><datafield ind1=" " ind2=" " tag="852"><subfield code="a">25253</subfield></datafield></record></collection>